<record><leader>00000cas a22000007a 4500</leader><controlfield tag="001">22884325</controlfield><controlfield tag="008">901221d197u1984mnuwr ne      0    0eng d</controlfield><datafield ind1=" " ind2=" " tag="010"><subfield code="a">sn 90060724 </subfield></datafield><datafield ind1=" " ind2=" " tag="040"><subfield code="a">MN#</subfield><subfield code="b">eng</subfield><subfield code="c">MN#</subfield><subfield code="d">OCLCQ</subfield><subfield code="d">OCLCF</subfield><subfield code="d">OCLCO</subfield></datafield><datafield ind1="1" ind2=" " tag="029"><subfield code="a">AU@</subfield><subfield code="b">000025909567</subfield></datafield><datafield ind1=" " ind2=" " tag="042"><subfield code="a">msc</subfield></datafield><datafield ind1=" " ind2=" " tag="043"><subfield code="a">n-us-mn</subfield></datafield><datafield ind1=" " ind2=" " tag="052"><subfield code="a">4144</subfield><subfield code="b">E12</subfield><subfield code="b">B94</subfield></datafield><datafield ind1=" " ind2=" " tag="052"><subfield code="a">4143</subfield><subfield code="b">D3</subfield></datafield><datafield ind1="0" ind2=" " tag="130"><subfield code="a">Thisweek news (Burnsville, Minn. : Eagan ed.)</subfield></datafield><datafield ind1="1" ind2="0" tag="245"><subfield code="a">Thisweek news.</subfield></datafield><datafield ind1="1" ind2="3" tag="246"><subfield code="a">Eagan thisweek</subfield></datafield><datafield ind1=" " ind2=" " tag="250"><subfield code="a">Eagan ed.</subfield></datafield><datafield ind1=" " ind2=" " tag="260"><subfield code="a">Burnsville [Minn.] :</subfield><subfield code="b">Joseph R. Clay and Daniel H. Clay</subfield></datafield><datafield ind1=" " ind2=" " tag="300"><subfield code="a">v.</subfield></datafield><datafield ind1=" " ind2=" " tag="310"><subfield code="a">Weekly</subfield></datafield><datafield ind1="1" ind2=" " tag="362"><subfield code="a">Ceased July 9 or July 16, 1984.</subfield></datafield><datafield ind1=" " ind2=" " tag="530"><subfield code="a">Available on microfilm from the Minnesota Historical Society.</subfield></datafield><datafield ind1=" " ind2=" " tag="588"><subfield code="a">Description based on: Vol. 5, no. 24 (Aug. 8, 1983).</subfield></datafield><datafield ind1=" " ind2="0" tag="651"><subfield code="a">Eagan (Minn.)</subfield><subfield code="v">Newspapers.</subfield></datafield><datafield ind1=" " ind2="7" tag="655"><subfield code="a">Newspapers.</subfield><subfield code="2">fast</subfield><subfield code="0">(OCoLC)fst01423814</subfield></datafield><datafield ind1=" " ind2="7" tag="651"><subfield code="a">Minnesota</subfield><subfield code="z">Eagan.</subfield><subfield code="2">fast</subfield><subfield code="0">(OCoLC)fst01218340</subfield></datafield><datafield ind1=" " ind2=" " tag="752"><subfield code="a">United States</subfield><subfield code="b">Minnesota</subfield><subfield code="c">Dakota</subfield><subfield code="d">Eagan.</subfield></datafield><datafield ind1=" " ind2=" " tag="752"><subfield code="a">United States</subfield><subfield code="b">Minnesota</subfield><subfield code="c">Dakota</subfield><subfield code="d">Burnsville.</subfield></datafield><datafield ind1="0" ind2="0" tag="785"><subfield code="t">Thisweek newspapers (Burnsville, Minn. : Eagan ed.)</subfield><subfield code="w">(DLC)sn 90060725</subfield></datafield></record>